Date,Region,Product,Sales
2024-01-31,North,A,1500
2024-02-29,South,B,2300
2024-03-31,East,C,1800
2024-04-30,West,A,2200
2024-05-31,North,B,2500
2024-06-30,South,C,2700
2024-07-31,East,A,2000
2024-08-31,West,B,2100
2024-09-30,North,C,1900
2024-10-31,South,A,3000
2024-11-30,East,B,3100
2024-12-31,West,C,2800
